@article{bedulli2020contribution,
  title={Contribution of seagrass blue carbon toward carbon neutral policies in a touristic and environmentally-friendly island},
  author={Bedulli, Camila and Lavery, Paul S and Harvey, Matt and Duarte, Carlos M and Serrano, Oscar},
  journal={Frontiers in Marine Science},
  volume={7},
  pages={1},
  year={2020},
  publisher={Frontiers Media SA}
}

@article{duarte2013role,
  title={The role of coastal plant communities for climate change mitigation and adaptation},
  author={Duarte, Carlos M and Losada, I{\~n}igo J and Hendriks, Iris E and Mazarrasa, In{\'e}s and Marb{\`a}, N{\'u}ria},
  journal={Nature climate change},
  volume={3},
  number={11},
  pages={961--968},
  year={2013},
  publisher={Nature Publishing Group UK London}
}

@article{fourqurean2012seagrass,
  title={Seagrass ecosystems as a globally significant carbon stock},
  author={Fourqurean, James W and Duarte, Carlos M and Kennedy, Hilary and Marb{\`a}, N{\'u}ria and Holmer, Marianne and Mateo, Miguel Angel and Apostolaki, Eugenia T and Kendrick, Gary A and Krause-Jensen, Dorte and McGlathery, Karen J and others},
  journal={Nature geoscience},
  volume={5},
  number={7},
  pages={505--509},
  year={2012},
  publisher={Nature Publishing Group UK London}
}

@article{green2021historical,
  title={Historical analysis exposes catastrophic seagrass loss for the United Kingdom},
  author={Green, Alix E and Unsworth, Richard KF and Chadwick, Michael A and Jones, Peter JS},
  journal={Frontiers in plant science},
  pages={261},
  year={2021},
  publisher={Frontiers}
}

@article{luisetti2019quantifying,
  title={Quantifying and valuing carbon flows and stores in coastal and shelf ecosystems in the UK},
  author={Luisetti, Tiziana and Turner, R Kerry and Andrews, Julian E and Jickells, Timothy D and Kr{\"o}ger, Silke and Diesing, Markus and Paltriguera, Lucille and Johnson, Martin T and Parker, Eleanor R and Bakker, Dorothee CE and others},
  journal={Ecosystem services},
  volume={35},
  pages={67--76},
  year={2019},
  publisher={Elsevier}
}

@article{unsworth2019seagrass,
  title={Seagrass meadows support global fisheries production},
  author={Unsworth, Richard KF and Nordlund, Lina Mtwana and Cullen-Unsworth, Leanne C},
  journal={Conservation Letters},
  volume={12},
  number={1},
  pages={e12566},
  year={2019},
  publisher={Wiley Online Library}
}

@article{orth2006global,
  title={A global crisis for seagrass ecosystems},
  author={Orth, Robert J and Carruthers, Tim JB and Dennison, William C and Duarte, Carlos M and Fourqurean, James W and Heck, Kenneth L and Hughes, A Randall and Kendrick, Gary A and Kenworthy, W Judson and Olyarnik, Suzanne and others},
  journal={Bioscience},
  volume={56},
  number={12},
  pages={987--996},
  year={2006},
  publisher={Oxford University Press}
}

@article{kennedy2022species,
  title={Species traits and geomorphic setting as drivers of global soil carbon stocks in seagrass meadows},
  author={Kennedy, Hilary and Pag{\`e}s, JF and Lagomasino, D and Arias-Ortiz, Ariane and Colarusso, P and Fourqurean, JW and Githaiga, MN and Howard, JL and Krause-Jensen, D and Kuwae, T and others},
  journal={Global Biogeochemical Cycles},
  volume={36},
  number={10},
  pages={e2022GB007481},
  year={2022},
  publisher={Wiley Online Library}
}

@article{evans2018seagrass,
  title={Seagrass on the brink: Decline of threatened seagrass Posidonia australis continues following protection},
  author={Evans, Suzanna M and Griffin, Kingsley J and Blick, Ray AJ and Poore, Alistair GB and Verg{\'e}s, Adriana},
  journal={Plos one},
  volume={13},
  number={4},
  pages={e0190370},
  year={2018},
  publisher={Public Library of Science San Francisco, CA USA}
}

@article{waycott2009accelerating,
  title={Accelerating loss of seagrasses across the globe threatens coastal ecosystems},
  author={Waycott, Michelle and Duarte, Carlos M and Carruthers, Tim JB and Orth, Robert J and Dennison, William C and Olyarnik, Suzanne and Calladine, Ainsley and Fourqurean, James W and Heck Jr, Kenneth L and Hughes, A Randall and others},
  journal={Proceedings of the national academy of sciences},
  volume={106},
  number={30},
  pages={12377--12381},
  year={2009},
  publisher={National Acad Sciences}
}

@article{arias2018marine,
  title={A marine heatwave drives massive losses from the worldâ€™s largest seagrass carbon stocks},
  author={Arias-Ortiz, Ariane and Serrano, Oscar and Masqu{\'e}, Pere and Lavery, Paul S and Mueller, Ute and Kendrick, Gary A and Rozaimi, M and Esteban, A and Fourqurean, James W and Marb{\`a}, NJNCC and others},
  journal={Nature Climate Change},
  volume={8},
  number={4},
  pages={338--344},
  year={2018},
  publisher={Nature Publishing Group UK London}
}

@article{macreadie2015losses,
  title={Losses and recovery of organic carbon from a seagrass ecosystem following disturbance},
  author={Macreadie, Peter I and Trevathan-Tackett, Stacey M and Skilbeck, Charles G and Sanderman, Jonathan and Curlevski, Nathalie and Jacobsen, Geraldine and Seymour, Justin R},
  journal={Proceedings of the Royal Society B: Biological Sciences},
  volume={282},
  number={1817},
  pages={20151537},
  year={2015},
  publisher={The Royal Society}
}

@article{salinas2020seagrass,
  title={Seagrass losses since mid-20th century fuelled CO2 emissions from soil carbon stocks},
  author={Salinas, Cristian and Duarte, Carlos M and Lavery, Paul S and Masque, Pere and Arias-Ortiz, Ariane and Leon, Javier X and Callaghan, David and Kendrick, Gary A and Serrano, Oscar},
  journal={Global change biology},
  volume={26},
  number={9},
  pages={4772--4784},
  year={2020},
  publisher={Wiley Online Library}
}

@article{dawes1997regrowth,
  title={Regrowth of the seagrass Thalassia testudinum into propeller scars},
  author={Dawes, Clinton J and Andorfer, John and Rose, Craig and Uranowski, Christina and Ehringer, Nicholas},
  journal={Aquatic Botany},
  volume={59},
  number={1-2},
  pages={139--155},
  year={1997},
  publisher={Elsevier}
}